<?xml version="1.0" encoding="UTF-8"?><collection xmlns="http://www.loc.gov/MARC21/slim"><record><leader>00484nam--2200193-u-4500</leader><controlfield tag="001">000051271</controlfield><controlfield tag="002">20161230</controlfield><controlfield tag="005">20161230201049</controlfield><controlfield tag="008">080610s1000------------r-----000-0-eng-d</controlfield><datafield ind1=" " ind2=" " tag="020"><subfield code="a">0-12-514076-2</subfield></datafield><datafield ind1=" " ind2=" " tag="040"><subfield code="a">IFIN-HH</subfield></datafield><datafield ind1=" " ind2=" " tag="080"><subfield code="a">515.168</subfield></datafield><datafield ind1="1" ind2=" " tag="100"><subfield code="a">Nash, Charles</subfield></datafield><datafield ind1="1" ind2="0" tag="245"><subfield code="a">Differential Topology and Quantum Field Theory</subfield></datafield><datafield ind1=" " ind2=" " tag="260"><subfield code="a">London</subfield><subfield code="b">Academic Press</subfield><subfield code="c">1991</subfield></datafield><datafield ind1=" " ind2=" " tag="300"><subfield code="a">386 p</subfield></datafield><datafield ind1="1" ind2=" " tag="700"><subfield code="a">Charles Nash</subfield></datafield><datafield ind1=" " ind2=" " tag="852"><subfield code="a">80575</subfield><subfield code="c">513.83</subfield></datafield><datafield ind1=" " ind2=" " tag="CAT"><subfield code="a">Sys</subfield><subfield code="c">20080610</subfield><subfield code="h">091519</subfield></datafield></record></collection>